    @TECHREPORT{selfref,
        author = {Jane Smith and John Doe},
        title  = {\cstechrepTitleBib},
        institution = {\cstechrepInstitution, \cstechrepDepartment},
        type   = {\cstechrepType},
        number = {\cstechrepNumber},
        year   = {2024},
        month  = {3},
        langid  = {english},
    }
