    @TECHREPORT{selfref,
        author = {Christoph P. Neumann},
        title  = {\cstechrepTitleBib},
        institution = {\cstechrepInstitution, \cstechrepDepartment},
        type   = {\cstechrepType},
        number = {\cstechrepNumber},
        year   = {2024},
        month  = {10},
        langid  = {english},
    }
