    @TECHREPORT{selfref,
        author = {Vorname Nachname and Christoph P. Neumann},
        title  = {\cstechrepTitleBib},
        institution = {\cstechrepInstitution, \cstechrepDepartment},
        type   = {\cstechrepType},
        number = {\cstechrepNumber},
        year   = {2025},
        month  = {03},
        langid  = {english},
    }
